<record><leader>00000cas a22000007a 4500</leader><controlfield tag="001">12090310</controlfield><controlfield tag="008">850529d18751876nyuwr ne      0    0eng d</controlfield><datafield ind1=" " ind2=" " tag="010"><subfield code="a">sn 85026215 </subfield></datafield><datafield ind1=" " ind2=" " tag="040"><subfield code="a">NPX</subfield><subfield code="b">eng</subfield><subfield code="c">NPX</subfield><subfield code="d">NYS</subfield><subfield code="d">OCLCQ</subfield></datafield><datafield ind1=" " ind2=" " tag="042"><subfield code="a">msc</subfield></datafield><datafield ind1="0" ind2="4" tag="245"><subfield code="a">The Bainbridge Republican and Saturday review.</subfield></datafield><datafield ind1="1" ind2="3" tag="246"><subfield code="a">Republican and review</subfield></datafield><datafield ind1=" " ind2=" " tag="260"><subfield code="a">Bainbridge, N.Y. :</subfield><subfield code="b">Harvey Ireland,</subfield><subfield code="c">1875-1876.</subfield></datafield><datafield ind1=" " ind2=" " tag="300"><subfield code="a">v.</subfield></datafield><datafield ind1=" " ind2=" " tag="310"><subfield code="a">Weekly</subfield></datafield><datafield ind1="1" ind2=" " tag="362"><subfield code="a">Began with Sept. 4, 1875 issue?</subfield><subfield code="z">Cf. Faibisoff, S.G. Bibl. of newspapers in 14 N.Y. counties.</subfield></datafield><datafield ind1="0" ind2=" " tag="362"><subfield code="a">-v. 6, no. 21 (Dec. 9, 1876).</subfield></datafield><datafield ind1=" " ind2=" " tag="588"><subfield code="a">Description based on: Vol. 5, no. 13 (Oct. 16, 1875).</subfield></datafield><datafield ind1=" " ind2="4" tag="651"><subfield code="a">Bainbridge (N.Y.)</subfield><subfield code="v">Newspapers.</subfield></datafield><datafield ind1=" " ind2=" " tag="752"><subfield code="a">United States</subfield><subfield code="b">New York</subfield><subfield code="c">Chenango</subfield><subfield code="d">Bainbridge.</subfield></datafield><datafield ind1="0" ind2="4" tag="780"><subfield code="t">Bainbridge Republican (Bainbridge, N.Y. : 1871)</subfield><subfield code="w">(DLC)sn 84031736</subfield></datafield><datafield ind1="0" ind2="4" tag="780"><subfield code="t">Saturday review (Bainbridge, N.Y.)</subfield><subfield code="w">(DLC)sn 83030738</subfield></datafield><datafield ind1="0" ind2="0" tag="785"><subfield code="t">Bainbridge Republican (Bainbridge, N.Y. : 1876)</subfield><subfield code="w">(DLC)sn 91066150</subfield><subfield code="w">(OCoLC)23092410</subfield></datafield><datafield ind1="1" ind2=" " tag="029"><subfield code="a">AU@</subfield><subfield code="b">000020377866</subfield></datafield></record>